@article{Waechter2005,
  title={Line search filter methods for nonlinear programming: Motivation and global convergence},
  author={W{\"a}chter, Andreas and Biegler, Lorenz T},
  journal={SIAM Journal on Optimization},
  volume={16},
  number={1},
  pages={1--31},
  year={2005},
  publisher={SIAM}
}

@article{Waechter2005b,
  title={Line search filter methods for nonlinear programming: Local convergence},
  author={W{\"a}chter, Andreas and Biegler, Lorenz T},
  journal={SIAM Journal on Optimization},
  volume={16},
  number={1},
  pages={32--48},
  year={2005},
  publisher={SIAM}
}

@article{Waechter2006,
  title={On the implementation of an interior-point filter line-search algorithm for large-scale nonlinear programming},
  author={W{\"a}chter, Andreas and Biegler, Lorenz T},
  journal={Mathematical Programming},
  volume={106},
  number={1},
  pages={25--57},
  year={2006},
  publisher={Springer}
}

@phdthesis{Maratos1978,
  title={Exact penalty function algorithms for finite dimensional and control optimization problems},
  author={Maratos, Nicholas},
  year={1978},
  school={Imperial College London}
}

@BOOK{Nocedal2006,
  title = {{N}umerical {O}ptimization},
  publisher = {Springer Verlag},
  year = {2006},
  author = {J. Nocedal and S. J. Wright},
  address = {Berlin Heidelberg New York},
  edition = {Second},
  note = {ISBN 0-387-30303-0 (hardcover)},
}

@article{Ferreau2013,
  title={{qpOASES: A parametric active-set algorithm for quadratic programming}},
  author={Ferreau, Hans Joachim and Kirches, Christian and Potschka, Andreas and Bock, Hans Georg and Diehl, Moritz},
  journal={Mathematical Programming Computation},
  pages={1--37},
  year={2014},
  publisher={Springer}
}

@phdthesis{Janka2015,
  author = {Janka, Dennis},
  title = {{Sequential quadratic programming with indefinite Hessian approximations for nonlinear optimum experimental design for parameter estimation in differentialâ€“algebraic equations}},
  school = {Ruprecht-Karls-Universit\"at Heidelberg},
  year = {2015},
  note = {Available at \url{http://archiv.ub.uni-heidelberg.de/volltextserver/19170/}}
}

@article{Janka2015b,
  title={{An SR1/BFGS SQP algorithm for nonconvex nonlinear programs with block-diagonal Hessian matrix}},
  author={Janka, Dennis and Kirches, Christian and Sager, Sebastian and W\"achter, Andreas},
  journal={submitted to Mathematical Programming Computation},
  year={2015},
  publisher={Springer}
}

@PHDTHESIS{Koerkel2002,
  author = {K{\"o}rkel, S.},
  title = {Numerische {M}ethoden f\"ur Optimale {V}ersuchsplanungsprobleme bei nichtlinearen {DAE}-{M}odellen},
  school = {Universit\"at {H}eidelberg},
  year = {2002},
  address = {Heidelberg},
  url = {http://www.koerkel.de}
}
